[gd_scene load_steps=9 format=2]

[ext_resource path="res://Scenes/player.tscn" type="PackedScene" id=1]
[ext_resource path="res://Scripts/2_players.gd" type="Script" id=3]
[ext_resource path="res://Scripts/2_players_manager.gd" type="Script" id=4]
[ext_resource path="res://Sprites/background.png" type="Texture" id=5]
[ext_resource path="res://Scenes/side_ui.tscn" type="PackedScene" id=6]
[ext_resource path="res://Scenes/pause_screen.tscn" type="PackedScene" id=7]
[ext_resource path="res://Scenes/board.tscn" type="PackedScene" id=9]
[ext_resource path="res://Scenes/game_over_screen.tscn" type="PackedScene" id=10]

[node name="2_players" type="Node2D"]
script = ExtResource( 3 )

[node name="background" type="TextureRect" parent="."]
margin_right = 40.0
margin_bottom = 40.0
texture = ExtResource( 5 )
__meta__ = {
"_edit_use_anchors_": false
}

[node name="board" parent="." instance=ExtResource( 9 )]

[node name="side_ui" parent="." instance=ExtResource( 6 )]

[node name="player1" parent="." instance=ExtResource( 1 )]
rect_rotation = 180.0

[node name="player2" parent="." instance=ExtResource( 1 )]
margin_top = 861.0
margin_bottom = 861.0

[node name="2_players_manager" type="Node2D" parent="."]
script = ExtResource( 4 )

[node name="pause_screen" parent="." instance=ExtResource( 7 )]
margin_left = 576.0
margin_right = 1038.0

[node name="game_over" parent="." instance=ExtResource( 10 )]
margin_left = 576.0
margin_right = 1036.0
[connection signal="pause_game" from="side_ui" to="." method="pause_game"]
[connection signal="end_player_turn" from="player1" to="2_players_manager" method="end_turn"]
[connection signal="press_set" from="player1" to="2_players_manager" method="_on_player1_pressed"]
[connection signal="end_player_turn" from="player2" to="2_players_manager" method="end_turn"]
[connection signal="press_set" from="player2" to="2_players_manager" method="_on_player2_pressed"]
[connection signal="update_cards_in_deck" from="2_players_manager" to="side_ui" method="update_cards_in_deck"]
[connection signal="unpause_game" from="pause_screen" to="." method="resume_game"]
