[gd_scene load_steps=27 format=2]

[ext_resource path="res://Scripts/instructions.gd" type="Script" id=1]
[ext_resource path="res://Sprites/back_button.png" type="Texture" id=2]
[ext_resource path="res://Sprites/back_button_clicked.png" type="Texture" id=3]
[ext_resource path="res://Sprites/background.png" type="Texture" id=4]
[ext_resource path="res://Theme/instructions.theme" type="Theme" id=5]
[ext_resource path="res://Sprites/cards/p1oow.png" type="Texture" id=6]
[ext_resource path="res://Sprites/cards/p1sow.png" type="Texture" id=7]
[ext_resource path="res://Sprites/cards/b3ofw.png" type="Texture" id=8]
[ext_resource path="res://Sprites/cards/b2ofw.png" type="Texture" id=9]
[ext_resource path="res://Sprites/cards/b1dfw.png" type="Texture" id=10]
[ext_resource path="res://Sprites/cards/b1ofw.png" type="Texture" id=11]
[ext_resource path="res://Sprites/cards/b1oow.png" type="Texture" id=12]
[ext_resource path="res://Sprites/cards/b1osw.png" type="Texture" id=13]
[ext_resource path="res://Sprites/cards/p1ofw.png" type="Texture" id=14]
[ext_resource path="res://Sprites/cards/g1ofw.png" type="Texture" id=15]
[ext_resource path="res://Sprites/cards/b1sfw.png" type="Texture" id=16]
[ext_resource path="res://Sprites/cards/p1dow.png" type="Texture" id=17]
[ext_resource path="res://Sprites/cards/p2sfw.png" type="Texture" id=18]
[ext_resource path="res://Sprites/cards/p3sfw.png" type="Texture" id=19]
[ext_resource path="res://Sprites/cards/g2osw.png" type="Texture" id=20]
[ext_resource path="res://Sprites/cards/b1ssw.png" type="Texture" id=21]
[ext_resource path="res://Sprites/cards/g3dfw.png" type="Texture" id=22]
[ext_resource path="res://Sprites/cards/p3sow.png" type="Texture" id=23]
[ext_resource path="res://Sprites/cards/p3dsw.png" type="Texture" id=24]
[ext_resource path="res://Sprites/cards/p3ssw.png" type="Texture" id=25]
[ext_resource path="res://Sprites/cards/g2dsw.png" type="Texture" id=26]

[node name="instructions" type="Node2D"]
script = ExtResource( 1 )

[node name="background" type="TextureRect" parent="."]
margin_right = 40.0
margin_bottom = 40.0
texture = ExtResource( 4 )
__meta__ = {
"_edit_use_anchors_": false
}

[node name="VScrollBar" type="ScrollContainer" parent="."]
margin_left = 17.0
margin_top = 24.0
margin_right = 565.0
margin_bottom = 916.0
scroll_horizontal_enabled = false
__meta__ = {
"_edit_use_anchors_": false
}

[node name="VBoxContainer" type="VBoxContainer" parent="VScrollBar"]
margin_right = 536.0
margin_bottom = 3878.0
custom_constants/separation = 5
__meta__ = {
"_edit_use_anchors_": false
}

[node name="cards_explanation" type="Label" parent="VScrollBar/VBoxContainer"]
margin_right = 536.0
margin_bottom = 153.0
theme = ExtResource( 5 )
text = "The deck consists of 81 unique cards 
that vary in four features across three
possibilities for each kind of feature: "

[node name="number_feature" type="Label" parent="VScrollBar/VBoxContainer"]
margin_top = 158.0
margin_right = 536.0
margin_bottom = 207.0
theme = ExtResource( 5 )
text = "1. number of shapes (one, two, or three):"

[node name="number_feature_example" type="HBoxContainer" parent="VScrollBar/VBoxContainer"]
margin_top = 212.0
margin_right = 536.0
margin_bottom = 308.0
custom_constants/separation = 33
alignment = 1
__meta__ = {
"_edit_use_anchors_": false
}

[node name="num1" type="TextureRect" parent="VScrollBar/VBoxContainer/number_feature_example"]
margin_left = 19.0
margin_right = 163.0
margin_bottom = 96.0
texture = ExtResource( 11 )

[node name="num2" type="TextureRect" parent="VScrollBar/VBoxContainer/number_feature_example"]
margin_left = 196.0
margin_right = 340.0
margin_bottom = 96.0
texture = ExtResource( 9 )

[node name="num3" type="TextureRect" parent="VScrollBar/VBoxContainer/number_feature_example"]
margin_left = 373.0
margin_right = 517.0
margin_bottom = 96.0
texture = ExtResource( 8 )

[node name="shape_feature" type="Label" parent="VScrollBar/VBoxContainer"]
margin_top = 313.0
margin_right = 536.0
margin_bottom = 362.0
theme = ExtResource( 5 )
text = "2. shape (diamond, squiggle, or oval):"

[node name="shape_feature_example" type="HBoxContainer" parent="VScrollBar/VBoxContainer"]
margin_top = 367.0
margin_right = 536.0
margin_bottom = 463.0
custom_constants/separation = 33
alignment = 1
__meta__ = {
"_edit_use_anchors_": false
}

[node name="shape1" type="TextureRect" parent="VScrollBar/VBoxContainer/shape_feature_example"]
margin_left = 19.0
margin_right = 163.0
margin_bottom = 96.0
texture = ExtResource( 10 )

[node name="shape2" type="TextureRect" parent="VScrollBar/VBoxContainer/shape_feature_example"]
margin_left = 196.0
margin_right = 340.0
margin_bottom = 96.0
texture = ExtResource( 16 )

[node name="shape3" type="TextureRect" parent="VScrollBar/VBoxContainer/shape_feature_example"]
margin_left = 373.0
margin_right = 517.0
margin_bottom = 96.0
texture = ExtResource( 11 )

[node name="shading_feature" type="Label" parent="VScrollBar/VBoxContainer"]
margin_top = 468.0
margin_right = 536.0
margin_bottom = 517.0
theme = ExtResource( 5 )
text = "3. shading (solid, striped, or open):"

[node name="shading_feature_example" type="HBoxContainer" parent="VScrollBar/VBoxContainer"]
margin_top = 522.0
margin_right = 536.0
margin_bottom = 618.0
custom_constants/separation = 33
alignment = 1
__meta__ = {
"_edit_use_anchors_": false
}

[node name="shade1" type="TextureRect" parent="VScrollBar/VBoxContainer/shading_feature_example"]
margin_left = 19.0
margin_right = 163.0
margin_bottom = 96.0
texture = ExtResource( 11 )

[node name="shade2" type="TextureRect" parent="VScrollBar/VBoxContainer/shading_feature_example"]
margin_left = 196.0
margin_right = 340.0
margin_bottom = 96.0
texture = ExtResource( 13 )

[node name="shade3" type="TextureRect" parent="VScrollBar/VBoxContainer/shading_feature_example"]
margin_left = 373.0
margin_right = 517.0
margin_bottom = 96.0
texture = ExtResource( 12 )

[node name="color_feature" type="Label" parent="VScrollBar/VBoxContainer"]
margin_top = 623.0
margin_right = 536.0
margin_bottom = 672.0
theme = ExtResource( 5 )
text = "4. color (blue, green, or purple):"

[node name="color_feature_example" type="HBoxContainer" parent="VScrollBar/VBoxContainer"]
margin_top = 677.0
margin_right = 536.0
margin_bottom = 773.0
custom_constants/separation = 33
alignment = 1
__meta__ = {
"_edit_use_anchors_": false
}

[node name="color1" type="TextureRect" parent="VScrollBar/VBoxContainer/color_feature_example"]
margin_left = 19.0
margin_right = 163.0
margin_bottom = 96.0
texture = ExtResource( 11 )

[node name="color2" type="TextureRect" parent="VScrollBar/VBoxContainer/color_feature_example"]
margin_left = 196.0
margin_right = 340.0
margin_bottom = 96.0
texture = ExtResource( 15 )

[node name="color3" type="TextureRect" parent="VScrollBar/VBoxContainer/color_feature_example"]
margin_left = 373.0
margin_right = 517.0
margin_bottom = 96.0
texture = ExtResource( 14 )

[node name="set_definition" type="Label" parent="VScrollBar/VBoxContainer"]
margin_top = 778.0
margin_right = 536.0
margin_bottom = 1295.0
theme = ExtResource( 5 )
text = "A SET consists of three cards 
satisfying all of these conditions:
1. They all have the same number 
   or have three different numbers.
2. They all have the same shape 
   or have three different shapes.
3. They all have the same shading
   or have three different shadings.
4. They all have the same color 
   or have three different colors."

[node name="examples_for_valid_sets" type="VBoxContainer" parent="VScrollBar/VBoxContainer"]
margin_top = 1300.0
margin_right = 536.0
margin_bottom = 2585.0

[node name="set_examples" type="Label" parent="VScrollBar/VBoxContainer/examples_for_valid_sets"]
margin_right = 536.0
margin_bottom = 101.0
theme = ExtResource( 5 )
text = "_______________________________
Some examples of valid SETs:"

[node name="example1" type="Label" parent="VScrollBar/VBoxContainer/examples_for_valid_sets"]
margin_top = 105.0
margin_right = 536.0
margin_bottom = 310.0
theme = ExtResource( 5 )
text = "* All the cards in the next set have the 
same number, the same shading, the 
same color and they all have different 
shapes."

[node name="cards1" type="HBoxContainer" parent="VScrollBar/VBoxContainer/examples_for_valid_sets"]
margin_top = 314.0
margin_right = 536.0
margin_bottom = 410.0
custom_constants/separation = 33

[node name="TextureRect" type="TextureRect" parent="VScrollBar/VBoxContainer/examples_for_valid_sets/cards1"]
margin_right = 144.0
margin_bottom = 96.0
texture = ExtResource( 6 )

[node name="TextureRect2" type="TextureRect" parent="VScrollBar/VBoxContainer/examples_for_valid_sets/cards1"]
margin_left = 177.0
margin_right = 321.0
margin_bottom = 96.0
texture = ExtResource( 17 )

[node name="TextureRect3" type="TextureRect" parent="VScrollBar/VBoxContainer/examples_for_valid_sets/cards1"]
margin_left = 354.0
margin_right = 498.0
margin_bottom = 96.0
texture = ExtResource( 7 )

[node name="example2" type="Label" parent="VScrollBar/VBoxContainer/examples_for_valid_sets"]
margin_top = 414.0
margin_right = 536.0
margin_bottom = 619.0
theme = ExtResource( 5 )
text = "* All the cards in the next set have 
different shape and different color but 
have the same number and the same 
shading."

[node name="cards2" type="HBoxContainer" parent="VScrollBar/VBoxContainer/examples_for_valid_sets"]
margin_top = 623.0
margin_right = 536.0
margin_bottom = 719.0
custom_constants/separation = 33

[node name="TextureRect" type="TextureRect" parent="VScrollBar/VBoxContainer/examples_for_valid_sets/cards2"]
margin_right = 144.0
margin_bottom = 96.0
texture = ExtResource( 8 )

[node name="TextureRect2" type="TextureRect" parent="VScrollBar/VBoxContainer/examples_for_valid_sets/cards2"]
margin_left = 177.0
margin_right = 321.0
margin_bottom = 96.0
texture = ExtResource( 22 )

[node name="TextureRect3" type="TextureRect" parent="VScrollBar/VBoxContainer/examples_for_valid_sets/cards2"]
margin_left = 354.0
margin_right = 498.0
margin_bottom = 96.0
texture = ExtResource( 19 )

[node name="example3" type="Label" parent="VScrollBar/VBoxContainer/examples_for_valid_sets"]
margin_top = 723.0
margin_right = 536.0
margin_bottom = 928.0
theme = ExtResource( 5 )
text = "* All the cards in the next set have
different number, different shape, 
different color and they all have the 
same shading."

[node name="cards3" type="HBoxContainer" parent="VScrollBar/VBoxContainer/examples_for_valid_sets"]
margin_top = 932.0
margin_right = 536.0
margin_bottom = 1028.0
custom_constants/separation = 33

[node name="TextureRect" type="TextureRect" parent="VScrollBar/VBoxContainer/examples_for_valid_sets/cards3"]
margin_right = 144.0
margin_bottom = 96.0
texture = ExtResource( 21 )

[node name="TextureRect2" type="TextureRect" parent="VScrollBar/VBoxContainer/examples_for_valid_sets/cards3"]
margin_left = 177.0
margin_right = 321.0
margin_bottom = 96.0
texture = ExtResource( 20 )

[node name="TextureRect3" type="TextureRect" parent="VScrollBar/VBoxContainer/examples_for_valid_sets/cards3"]
margin_left = 354.0
margin_right = 498.0
margin_bottom = 96.0
texture = ExtResource( 24 )

[node name="example4" type="Label" parent="VScrollBar/VBoxContainer/examples_for_valid_sets"]
margin_top = 1032.0
margin_right = 536.0
margin_bottom = 1185.0
theme = ExtResource( 5 )
text = "* All the cards in the next set have 
different number, different shape, 
different color and different shading."

[node name="cards4" type="HBoxContainer" parent="VScrollBar/VBoxContainer/examples_for_valid_sets"]
margin_top = 1189.0
margin_right = 536.0
margin_bottom = 1285.0
custom_constants/separation = 33

[node name="TextureRect" type="TextureRect" parent="VScrollBar/VBoxContainer/examples_for_valid_sets/cards4"]
margin_right = 144.0
margin_bottom = 96.0
texture = ExtResource( 12 )

[node name="TextureRect2" type="TextureRect" parent="VScrollBar/VBoxContainer/examples_for_valid_sets/cards4"]
margin_left = 177.0
margin_right = 321.0
margin_bottom = 96.0
texture = ExtResource( 26 )

[node name="TextureRect3" type="TextureRect" parent="VScrollBar/VBoxContainer/examples_for_valid_sets/cards4"]
margin_left = 354.0
margin_right = 498.0
margin_bottom = 96.0
texture = ExtResource( 19 )

[node name="examples_for_invalid_sets" type="VBoxContainer" parent="VScrollBar/VBoxContainer"]
margin_top = 2590.0
margin_right = 536.0
margin_bottom = 3878.0

[node name="not_set_definition" type="Label" parent="VScrollBar/VBoxContainer/examples_for_invalid_sets"]
margin_right = 536.0
margin_bottom = 361.0
theme = ExtResource( 5 )
text = "_______________________________
Rule of thumb for not SET:
If you can sort a group of three cards 
into \"two of ____ and one of ____\", 
then it is not a set.

Some examples of invalid SETs:"

[node name="example1" type="Label" parent="VScrollBar/VBoxContainer/examples_for_invalid_sets"]
margin_top = 365.0
margin_right = 536.0
margin_bottom = 570.0
theme = ExtResource( 5 )
text = "* All the cards in the next set have 
different number, different shape, and 
different color but two of them have the
same shading."

[node name="cards1" type="HBoxContainer" parent="VScrollBar/VBoxContainer/examples_for_invalid_sets"]
margin_top = 574.0
margin_right = 536.0
margin_bottom = 670.0
custom_constants/separation = 33

[node name="TextureRect" type="TextureRect" parent="VScrollBar/VBoxContainer/examples_for_invalid_sets/cards1"]
margin_right = 144.0
margin_bottom = 96.0
texture = ExtResource( 12 )

[node name="TextureRect2" type="TextureRect" parent="VScrollBar/VBoxContainer/examples_for_invalid_sets/cards1"]
margin_left = 177.0
margin_right = 321.0
margin_bottom = 96.0
texture = ExtResource( 26 )

[node name="TextureRect3" type="TextureRect" parent="VScrollBar/VBoxContainer/examples_for_invalid_sets/cards1"]
margin_left = 354.0
margin_right = 498.0
margin_bottom = 96.0
texture = ExtResource( 23 )

[node name="example2" type="Label" parent="VScrollBar/VBoxContainer/examples_for_invalid_sets"]
margin_top = 674.0
margin_right = 536.0
margin_bottom = 879.0
theme = ExtResource( 5 )
text = "* All the cards in the next set have
different shape and all of them of the
same shading but two of them have the 
same number and the same color."

[node name="cards2" type="HBoxContainer" parent="VScrollBar/VBoxContainer/examples_for_invalid_sets"]
margin_top = 883.0
margin_right = 536.0
margin_bottom = 979.0
custom_constants/separation = 33

[node name="TextureRect" type="TextureRect" parent="VScrollBar/VBoxContainer/examples_for_invalid_sets/cards2"]
margin_right = 144.0
margin_bottom = 96.0
texture = ExtResource( 20 )

[node name="TextureRect2" type="TextureRect" parent="VScrollBar/VBoxContainer/examples_for_invalid_sets/cards2"]
margin_left = 177.0
margin_right = 321.0
margin_bottom = 96.0
texture = ExtResource( 26 )

[node name="TextureRect3" type="TextureRect" parent="VScrollBar/VBoxContainer/examples_for_invalid_sets/cards2"]
margin_left = 354.0
margin_right = 498.0
margin_bottom = 96.0
texture = ExtResource( 25 )

[node name="example3" type="Label" parent="VScrollBar/VBoxContainer/examples_for_invalid_sets"]
margin_top = 983.0
margin_right = 536.0
margin_bottom = 1188.0
theme = ExtResource( 5 )
text = "* All the cards in the next set have the 
same color, but two of them have the
same number, the same shape and the 
same shading."

[node name="cards3" type="HBoxContainer" parent="VScrollBar/VBoxContainer/examples_for_invalid_sets"]
margin_top = 1192.0
margin_right = 536.0
margin_bottom = 1288.0
custom_constants/separation = 33

[node name="TextureRect" type="TextureRect" parent="VScrollBar/VBoxContainer/examples_for_invalid_sets/cards3"]
margin_right = 144.0
margin_bottom = 96.0
texture = ExtResource( 24 )

[node name="TextureRect2" type="TextureRect" parent="VScrollBar/VBoxContainer/examples_for_invalid_sets/cards3"]
margin_left = 177.0
margin_right = 321.0
margin_bottom = 96.0
texture = ExtResource( 18 )

[node name="TextureRect3" type="TextureRect" parent="VScrollBar/VBoxContainer/examples_for_invalid_sets/cards3"]
margin_left = 354.0
margin_right = 498.0
margin_bottom = 96.0
texture = ExtResource( 19 )

[node name="back_button" type="TextureButton" parent="."]
margin_left = 20.0
margin_top = 930.0
margin_right = 95.0
margin_bottom = 1005.0
texture_normal = ExtResource( 2 )
texture_pressed = ExtResource( 3 )
__meta__ = {
"_edit_use_anchors_": false
}
[connection signal="pressed" from="back_button" to="." method="_on_back_button_pressed"]
