[gd_scene load_steps=7 format=2]

[ext_resource path="res://Scripts/pause_screen.gd" type="Script" id=1]
[ext_resource path="res://Sprites/quit_click.png" type="Texture" id=2]
[ext_resource path="res://Sprites/continue_click.png" type="Texture" id=3]
[ext_resource path="res://Sprites/continue.png" type="Texture" id=4]
[ext_resource path="res://Sprites/quit.png" type="Texture" id=5]

[sub_resource type="StyleBoxFlat" id=1]
bg_color = Color( 0.184314, 0.25098, 0.466667, 1 )
corner_radius_top_left = 10
corner_radius_top_right = 10
corner_radius_bottom_right = 10
corner_radius_bottom_left = 10

[node name="Pause_screen" type="Panel"]
margin_right = 462.0
margin_bottom = 769.0
custom_styles/panel = SubResource( 1 )
script = ExtResource( 1 )
__meta__ = {
"_edit_use_anchors_": false
}

[node name="HBoxContainer" type="VBoxContainer" parent="."]
margin_left = 116.0
margin_top = 316.0
margin_right = 330.0
margin_bottom = 560.0
custom_constants/separation = 40
__meta__ = {
"_edit_use_anchors_": false
}

[node name="continue" type="TextureButton" parent="HBoxContainer"]
margin_right = 214.0
margin_bottom = 102.0
texture_normal = ExtResource( 4 )
texture_pressed = ExtResource( 3 )

[node name="quit" type="TextureButton" parent="HBoxContainer"]
margin_top = 142.0
margin_right = 214.0
margin_bottom = 244.0
texture_normal = ExtResource( 5 )
texture_pressed = ExtResource( 2 )

[node name="move_tween" type="Tween" parent="."]
[connection signal="pressed" from="HBoxContainer/continue" to="." method="_on_continue_game_pressed"]
[connection signal="pressed" from="HBoxContainer/quit" to="." method="_on_quit_pressed"]
