[gd_scene load_steps=11 format=2]

[ext_resource path="res://Sprites/background.png" type="Texture" id=1]
[ext_resource path="res://Sprites/back_button.png" type="Texture" id=2]
[ext_resource path="res://Sprites/back_button_clicked.png" type="Texture" id=3]
[ext_resource path="res://Scripts/score_table.gd" type="Script" id=4]
[ext_resource path="res://Sprites/score_table.png" type="Texture" id=5]
[ext_resource path="res://Fonts/STIX60.tres" type="DynamicFont" id=6]
[ext_resource path="res://Fonts/STIXGeneralBolIta.ttf" type="DynamicFontData" id=7]

[sub_resource type="DynamicFont" id=1]
size = 50
outline_size = 2
outline_color = Color( 0, 0, 0, 0.647059 )
use_mipmaps = true
font_data = ExtResource( 7 )

[sub_resource type="DynamicFont" id=2]
size = 26
outline_size = 2
outline_color = Color( 0, 0, 0, 0.647059 )
use_mipmaps = true
font_data = ExtResource( 7 )

[sub_resource type="DynamicFont" id=3]
size = 29
outline_size = 1
outline_color = Color( 1, 1, 1, 0.647059 )
use_mipmaps = true
extra_spacing_bottom = -15
font_data = ExtResource( 7 )

[node name="score_table" type="Node2D"]
script = ExtResource( 4 )

[node name="background" type="TextureRect" parent="."]
margin_right = 576.0
margin_bottom = 1024.0
texture = ExtResource( 1 )
__meta__ = {
"_edit_use_anchors_": false
}

[node name="RichTextLabel" type="RichTextLabel" parent="."]
anchor_right = 1.0
anchor_bottom = 1.0
margin_left = 113.0
margin_top = 60.0
margin_right = 463.0
margin_bottom = 140.0
custom_fonts/normal_font = SubResource( 1 )
custom_colors/default_color = Color( 0, 0, 0, 1 )
bbcode_enabled = true
bbcode_text = "[rainbow freq=0.1]SCORE TABLE[/rainbow]"
text = "SCORE TABLE"
__meta__ = {
"_edit_use_anchors_": false
}

[node name="back_button" type="TextureButton" parent="."]
margin_left = 20.0
margin_top = 930.0
margin_right = 95.0
margin_bottom = 1005.0
texture_normal = ExtResource( 2 )
texture_pressed = ExtResource( 3 )
__meta__ = {
"_edit_use_anchors_": false
}

[node name="TabContainer" type="TabContainer" parent="."]
margin_left = 25.0
margin_top = 140.0
margin_right = 551.0
margin_bottom = 890.0
custom_fonts/font = SubResource( 2 )
__meta__ = {
"_edit_use_anchors_": false
}

[node name="beginner" type="Tabs" parent="TabContainer"]
anchor_right = 1.0
anchor_bottom = 1.0
margin_left = 4.0
margin_top = 58.0
margin_right = -4.0
margin_bottom = -4.0

[node name="TextureRect" type="TextureRect" parent="TabContainer/beginner"]
anchor_right = 1.0
anchor_bottom = 1.0
margin_left = 6.0
margin_top = 2.0
margin_right = -89.0
margin_bottom = -155.0
rect_scale = Vector2( 1.2, 1.3 )
texture = ExtResource( 5 )
__meta__ = {
"_edit_use_anchors_": false
}

[node name="time" type="VBoxContainer" parent="TabContainer/beginner"]
margin_left = 20.0
margin_top = 30.0
margin_right = 240.0
margin_bottom = 670.0
custom_constants/separation = 59
__meta__ = {
"_edit_use_anchors_": false
}

[node name="time1" type="Label" parent="TabContainer/beginner/time"]
margin_right = 220.0
margin_bottom = 76.0
custom_fonts/font = ExtResource( 6 )
custom_colors/font_color = Color( 0, 0, 0, 1 )
align = 1
valign = 1
autowrap = true

[node name="time2" type="Label" parent="TabContainer/beginner/time"]
margin_top = 135.0
margin_right = 220.0
margin_bottom = 211.0
custom_fonts/font = ExtResource( 6 )
custom_colors/font_color = Color( 0, 0, 0, 1 )
align = 1
valign = 1
autowrap = true

[node name="time3" type="Label" parent="TabContainer/beginner/time"]
margin_top = 270.0
margin_right = 220.0
margin_bottom = 346.0
custom_fonts/font = ExtResource( 6 )
custom_colors/font_color = Color( 0, 0, 0, 1 )
align = 1
valign = 1
autowrap = true

[node name="time4" type="Label" parent="TabContainer/beginner/time"]
margin_top = 405.0
margin_right = 220.0
margin_bottom = 481.0
custom_fonts/font = ExtResource( 6 )
custom_colors/font_color = Color( 0, 0, 0, 1 )
align = 1
valign = 1
autowrap = true

[node name="time5" type="Label" parent="TabContainer/beginner/time"]
margin_top = 540.0
margin_right = 220.0
margin_bottom = 616.0
custom_fonts/font = ExtResource( 6 )
custom_colors/font_color = Color( 0, 0, 0, 1 )
align = 1
valign = 1
autowrap = true

[node name="data" type="VBoxContainer" parent="TabContainer/beginner"]
margin_left = 225.0
margin_top = 25.0
margin_right = 505.0
margin_bottom = 675.0
custom_constants/separation = 37
__meta__ = {
"_edit_use_anchors_": false
}

[node name="data1" type="Label" parent="TabContainer/beginner/data"]
margin_right = 280.0
margin_bottom = 96.0
custom_fonts/font = SubResource( 3 )
custom_colors/font_color = Color( 0, 0, 0, 1 )
text = "

"
align = 1
autowrap = true

[node name="data2" type="Label" parent="TabContainer/beginner/data"]
margin_top = 133.0
margin_right = 280.0
margin_bottom = 229.0
custom_fonts/font = SubResource( 3 )
custom_colors/font_color = Color( 0, 0, 0, 1 )
text = "

"
align = 1
autowrap = true

[node name="data3" type="Label" parent="TabContainer/beginner/data"]
margin_top = 266.0
margin_right = 280.0
margin_bottom = 362.0
custom_fonts/font = SubResource( 3 )
custom_colors/font_color = Color( 0, 0, 0, 1 )
text = "

"
align = 1
autowrap = true

[node name="data4" type="Label" parent="TabContainer/beginner/data"]
margin_top = 399.0
margin_right = 280.0
margin_bottom = 495.0
custom_fonts/font = SubResource( 3 )
custom_colors/font_color = Color( 0, 0, 0, 1 )
text = "

"
align = 1
autowrap = true

[node name="data5" type="Label" parent="TabContainer/beginner/data"]
margin_top = 532.0
margin_right = 280.0
margin_bottom = 628.0
custom_fonts/font = SubResource( 3 )
custom_colors/font_color = Color( 0, 0, 0, 1 )
text = "

"
align = 1
autowrap = true

[node name="regular" type="Tabs" parent="TabContainer"]
visible = false
anchor_right = 1.0
anchor_bottom = 1.0
margin_left = 4.0
margin_top = 58.0
margin_right = -4.0
margin_bottom = -4.0

[node name="TextureRect" type="TextureRect" parent="TabContainer/regular"]
anchor_right = 1.0
anchor_bottom = 1.0
margin_left = 6.0
margin_top = 2.0
margin_right = -89.0
margin_bottom = -159.0
rect_scale = Vector2( 1.2, 1.3 )
texture = ExtResource( 5 )
__meta__ = {
"_edit_use_anchors_": false
}

[node name="time" type="VBoxContainer" parent="TabContainer/regular"]
margin_left = 20.0
margin_top = 30.0
margin_right = 240.0
margin_bottom = 670.0
custom_constants/separation = 59
__meta__ = {
"_edit_use_anchors_": false
}

[node name="time1" type="Label" parent="TabContainer/regular/time"]
margin_right = 220.0
margin_bottom = 76.0
custom_fonts/font = ExtResource( 6 )
custom_colors/font_color = Color( 0, 0, 0, 1 )
align = 1
valign = 1
autowrap = true

[node name="time2" type="Label" parent="TabContainer/regular/time"]
margin_top = 135.0
margin_right = 220.0
margin_bottom = 211.0
custom_fonts/font = ExtResource( 6 )
custom_colors/font_color = Color( 0, 0, 0, 1 )
align = 1
valign = 1
autowrap = true

[node name="time3" type="Label" parent="TabContainer/regular/time"]
margin_top = 270.0
margin_right = 220.0
margin_bottom = 346.0
custom_fonts/font = ExtResource( 6 )
custom_colors/font_color = Color( 0, 0, 0, 1 )
align = 1
valign = 1
autowrap = true

[node name="time4" type="Label" parent="TabContainer/regular/time"]
margin_top = 405.0
margin_right = 220.0
margin_bottom = 481.0
custom_fonts/font = ExtResource( 6 )
custom_colors/font_color = Color( 0, 0, 0, 1 )
align = 1
valign = 1
autowrap = true

[node name="time5" type="Label" parent="TabContainer/regular/time"]
margin_top = 540.0
margin_right = 220.0
margin_bottom = 616.0
custom_fonts/font = ExtResource( 6 )
custom_colors/font_color = Color( 0, 0, 0, 1 )
align = 1
valign = 1
autowrap = true

[node name="data" type="VBoxContainer" parent="TabContainer/regular"]
margin_left = 225.0
margin_top = 25.0
margin_right = 505.0
margin_bottom = 675.0
custom_constants/separation = 37
__meta__ = {
"_edit_use_anchors_": false
}

[node name="data1" type="Label" parent="TabContainer/regular/data"]
margin_right = 280.0
margin_bottom = 96.0
custom_fonts/font = SubResource( 3 )
custom_colors/font_color = Color( 0, 0, 0, 1 )
text = "

"
align = 1
autowrap = true

[node name="data2" type="Label" parent="TabContainer/regular/data"]
margin_top = 133.0
margin_right = 280.0
margin_bottom = 229.0
custom_fonts/font = SubResource( 3 )
custom_colors/font_color = Color( 0, 0, 0, 1 )
text = "

"
align = 1
autowrap = true

[node name="data3" type="Label" parent="TabContainer/regular/data"]
margin_top = 266.0
margin_right = 280.0
margin_bottom = 362.0
custom_fonts/font = SubResource( 3 )
custom_colors/font_color = Color( 0, 0, 0, 1 )
text = "

"
align = 1
autowrap = true

[node name="data4" type="Label" parent="TabContainer/regular/data"]
margin_top = 399.0
margin_right = 280.0
margin_bottom = 495.0
custom_fonts/font = SubResource( 3 )
custom_colors/font_color = Color( 0, 0, 0, 1 )
text = "

"
align = 1
autowrap = true

[node name="data5" type="Label" parent="TabContainer/regular/data"]
margin_top = 532.0
margin_right = 280.0
margin_bottom = 628.0
custom_fonts/font = SubResource( 3 )
custom_colors/font_color = Color( 0, 0, 0, 1 )
text = "

"
align = 1
autowrap = true

[node name="expert" type="Tabs" parent="TabContainer"]
visible = false
anchor_right = 1.0
anchor_bottom = 1.0
margin_left = 4.0
margin_top = 58.0
margin_right = -4.0
margin_bottom = -4.0

[node name="TextureRect" type="TextureRect" parent="TabContainer/expert"]
anchor_right = 1.0
anchor_bottom = 1.0
margin_left = 6.0
margin_top = 2.0
margin_right = -89.0
margin_bottom = -159.0
rect_scale = Vector2( 1.2, 1.3 )
texture = ExtResource( 5 )
__meta__ = {
"_edit_use_anchors_": false
}

[node name="time" type="VBoxContainer" parent="TabContainer/expert"]
margin_left = 20.0
margin_top = 30.0
margin_right = 240.0
margin_bottom = 670.0
custom_constants/separation = 59
__meta__ = {
"_edit_use_anchors_": false
}

[node name="time1" type="Label" parent="TabContainer/expert/time"]
margin_right = 220.0
margin_bottom = 76.0
custom_fonts/font = ExtResource( 6 )
custom_colors/font_color = Color( 0, 0, 0, 1 )
align = 1
valign = 1
autowrap = true

[node name="time2" type="Label" parent="TabContainer/expert/time"]
margin_top = 135.0
margin_right = 220.0
margin_bottom = 211.0
custom_fonts/font = ExtResource( 6 )
custom_colors/font_color = Color( 0, 0, 0, 1 )
align = 1
valign = 1
autowrap = true

[node name="time3" type="Label" parent="TabContainer/expert/time"]
margin_top = 270.0
margin_right = 220.0
margin_bottom = 346.0
custom_fonts/font = ExtResource( 6 )
custom_colors/font_color = Color( 0, 0, 0, 1 )
align = 1
valign = 1
autowrap = true

[node name="time4" type="Label" parent="TabContainer/expert/time"]
margin_top = 405.0
margin_right = 220.0
margin_bottom = 481.0
custom_fonts/font = ExtResource( 6 )
custom_colors/font_color = Color( 0, 0, 0, 1 )
align = 1
valign = 1
autowrap = true

[node name="time5" type="Label" parent="TabContainer/expert/time"]
margin_top = 540.0
margin_right = 220.0
margin_bottom = 616.0
custom_fonts/font = ExtResource( 6 )
custom_colors/font_color = Color( 0, 0, 0, 1 )
align = 1
valign = 1
autowrap = true

[node name="data" type="VBoxContainer" parent="TabContainer/expert"]
margin_left = 225.0
margin_top = 25.0
margin_right = 505.0
margin_bottom = 675.0
custom_constants/separation = 37
__meta__ = {
"_edit_use_anchors_": false
}

[node name="data1" type="Label" parent="TabContainer/expert/data"]
margin_right = 280.0
margin_bottom = 96.0
custom_fonts/font = SubResource( 3 )
custom_colors/font_color = Color( 0, 0, 0, 1 )
text = "

"
align = 1
autowrap = true

[node name="data2" type="Label" parent="TabContainer/expert/data"]
margin_top = 133.0
margin_right = 280.0
margin_bottom = 229.0
custom_fonts/font = SubResource( 3 )
custom_colors/font_color = Color( 0, 0, 0, 1 )
text = "

"
align = 1
autowrap = true

[node name="data3" type="Label" parent="TabContainer/expert/data"]
margin_top = 266.0
margin_right = 280.0
margin_bottom = 362.0
custom_fonts/font = SubResource( 3 )
custom_colors/font_color = Color( 0, 0, 0, 1 )
text = "

"
align = 1
autowrap = true

[node name="data4" type="Label" parent="TabContainer/expert/data"]
margin_top = 399.0
margin_right = 280.0
margin_bottom = 495.0
custom_fonts/font = SubResource( 3 )
custom_colors/font_color = Color( 0, 0, 0, 1 )
text = "

"
align = 1
autowrap = true

[node name="data5" type="Label" parent="TabContainer/expert/data"]
margin_top = 532.0
margin_right = 280.0
margin_bottom = 628.0
custom_fonts/font = SubResource( 3 )
custom_colors/font_color = Color( 0, 0, 0, 1 )
text = "

"
align = 1
autowrap = true

[node name="expert" type="Tabs" parent="."]
visible = false
anchor_right = 1.0
anchor_bottom = 1.0
margin_left = 29.0
margin_top = 197.0
margin_right = 29.0
margin_bottom = 221.0

[node name="TextureRect" type="TextureRect" parent="expert"]
anchor_right = 1.0
anchor_bottom = 1.0
margin_left = 6.0
margin_top = 2.0
margin_right = 45.0
margin_bottom = -155.0
rect_scale = Vector2( 1.2, 1.3 )
texture = ExtResource( 5 )
__meta__ = {
"_edit_use_anchors_": false
}

[node name="time" type="VBoxContainer" parent="expert"]
margin_left = 20.0
margin_top = 30.0
margin_right = 240.0
margin_bottom = 670.0
custom_constants/separation = 59
__meta__ = {
"_edit_use_anchors_": false
}

[node name="time1" type="Label" parent="expert/time"]
margin_right = 220.0
margin_bottom = 76.0
custom_fonts/font = ExtResource( 6 )
custom_colors/font_color = Color( 0, 0, 0, 1 )
align = 1
valign = 1
autowrap = true

[node name="time2" type="Label" parent="expert/time"]
margin_top = 135.0
margin_right = 220.0
margin_bottom = 211.0
custom_fonts/font = ExtResource( 6 )
custom_colors/font_color = Color( 0, 0, 0, 1 )
align = 1
valign = 1
autowrap = true

[node name="time3" type="Label" parent="expert/time"]
margin_top = 270.0
margin_right = 220.0
margin_bottom = 346.0
custom_fonts/font = ExtResource( 6 )
custom_colors/font_color = Color( 0, 0, 0, 1 )
align = 1
valign = 1
autowrap = true

[node name="time4" type="Label" parent="expert/time"]
margin_top = 405.0
margin_right = 220.0
margin_bottom = 481.0
custom_fonts/font = ExtResource( 6 )
custom_colors/font_color = Color( 0, 0, 0, 1 )
align = 1
valign = 1
autowrap = true

[node name="time5" type="Label" parent="expert/time"]
margin_top = 540.0
margin_right = 220.0
margin_bottom = 616.0
custom_fonts/font = ExtResource( 6 )
custom_colors/font_color = Color( 0, 0, 0, 1 )
align = 1
valign = 1
autowrap = true

[node name="data" type="VBoxContainer" parent="expert"]
margin_left = 225.0
margin_top = 25.0
margin_right = 505.0
margin_bottom = 675.0
custom_constants/separation = 37
__meta__ = {
"_edit_use_anchors_": false
}

[node name="data1" type="Label" parent="expert/data"]
margin_right = 280.0
margin_bottom = 96.0
custom_fonts/font = SubResource( 3 )
custom_colors/font_color = Color( 0, 0, 0, 1 )
text = "

"
align = 1
autowrap = true

[node name="data2" type="Label" parent="expert/data"]
margin_top = 133.0
margin_right = 280.0
margin_bottom = 229.0
custom_fonts/font = SubResource( 3 )
custom_colors/font_color = Color( 0, 0, 0, 1 )
text = "

"
align = 1
autowrap = true

[node name="data3" type="Label" parent="expert/data"]
margin_top = 266.0
margin_right = 280.0
margin_bottom = 362.0
custom_fonts/font = SubResource( 3 )
custom_colors/font_color = Color( 0, 0, 0, 1 )
text = "

"
align = 1
autowrap = true

[node name="data4" type="Label" parent="expert/data"]
margin_top = 399.0
margin_right = 280.0
margin_bottom = 495.0
custom_fonts/font = SubResource( 3 )
custom_colors/font_color = Color( 0, 0, 0, 1 )
text = "

"
align = 1
autowrap = true

[node name="data5" type="Label" parent="expert/data"]
margin_top = 532.0
margin_right = 280.0
margin_bottom = 628.0
custom_fonts/font = SubResource( 3 )
custom_colors/font_color = Color( 0, 0, 0, 1 )
text = "

"
align = 1
autowrap = true
[connection signal="pressed" from="back_button" to="." method="_on_back_button_pressed"]
